@book{Iliadis2015,
  author = {Christian Iliadis},
  year = {2015},
  title = {Nuclear Physics of Stars},
  publisher = {Wiley-VCH}
}

@book{Carroll2007,
  author = {Carroll, Bradley W and Ostlie, Dale A},
  title = {An Introduction to Modern Astrophysics},
  year={2007},
  publisher={Pearson Addison Wesley}
}

@ARTICLE{1927ASSB...47...49L,
       author = {{Lema{\^i}tre}, G.},
        title = "{Un Univers homog{\`e}ne de masse constante et de rayon croissant rendant compte de la vitesse radiale des n{\'e}buleuses extra-galactiques}",
      journal = {Annales de la Soci{\'e}t{\'e} Scientifique de Bruxelles},
     keywords = {cosmology, big-bang theory},
         year = "1927",
        month = "Jan",
       volume = {47},
        pages = {49-59},
       adsurl = {https://ui.adsabs.harvard.edu/\#abs/1927ASSB...47...49L},
      adsnote = {Provided by the SAO/NASA Astrophysics Data System}
}

@ARTICLE{1939PhRv...55..434B,
       author = {{Bethe}, H.~A.},
        title = "{Energy Production in Stars}",
      journal = {Physical Review},
         year = "1939",
        month = "Mar",
       volume = {55},
        pages = {434-456},
          doi = {10.1103/PhysRev.55.434},
       adsurl = {https://ui.adsabs.harvard.edu/\#abs/1939PhRv...55..434B},
      adsnote = {Provided by the SAO/NASA Astrophysics Data System}
}

@ARTICLE{1946MNRAS.106..343H,
       author = {{Hoyle}, F.},
        title = "{The synthesis of the elements from hydrogen}",
      journal = {\mnras},
         year = "1946",
        month = "Jan",
       volume = {106},
        pages = {343},
          doi = {10.1093/mnras/106.5.343},
       adsurl = {https://ui.adsabs.harvard.edu/\#abs/1946MNRAS.106..343H},
      adsnote = {Provided by the SAO/NASA Astrophysics Data System}
}

@ARTICLE{1948PhRv...73..803A,
       author = {{Alpher}, R.~A. and {Bethe}, H. and {Gamow}, G.},
        title = "{The Origin of Chemical Elements}",
      journal = {Physical Review},
         year = "1948",
        month = "Apr",
       volume = {73},
        pages = {803-804},
          doi = {10.1103/PhysRev.73.803},
       adsurl = {https://ui.adsabs.harvard.edu/\#abs/1948PhRv...73..803A},
      adsnote = {Provided by the SAO/NASA Astrophysics Data System}
}

@ARTICLE{1957RvMP...29..547B,
       author = {{Burbidge}, E. Margaret and {Burbidge}, G.~R. and {Fowler}, William A. and
         {Hoyle}, F.},
        title = "{Synthesis of the Elements in Stars}",
      journal = {Reviews of Modern Physics},
         year = "1957",
        month = "Jan",
       volume = {29},
        pages = {547-650},
          doi = {10.1103/RevModPhys.29.547},
       adsurl = {https://ui.adsabs.harvard.edu/\#abs/1957RvMP...29..547B},
      adsnote = {Provided by the SAO/NASA Astrophysics Data System}
}

@ARTICLE{1971MNRAS.151..351E,
       author = {{Eggleton}, Peter P.},
        title = "{The evolution of low mass stars}",
      journal = {\mnras},
         year = "1971",
        month = "Jan",
       volume = {151},
        pages = {351},
          doi = {10.1093/mnras/151.3.351},
       adsurl = {https://ui.adsabs.harvard.edu/\#abs/1971MNRAS.151..351E},
      adsnote = {Provided by the SAO/NASA Astrophysics Data System}
}

@ARTICLE{1995MNRAS.274..964P,
       author = {{Pols}, Onno R. and {Tout}, Christopher A. and {Eggleton}, Peter P. and {Han}, Zhanwen},
        title = "{Approximate input physics for stellar modelling}",
      journal = {\mnras},
     keywords = {EQUATION OF STATE, STARS: EVOLUTION, STARS: LOW-MASS, BROWN DWARFS, Astrophysics},
         year = "1995",
        month = "Jun",
       volume = {274},
        pages = {964-974},
          doi = {10.1093/mnras/274.3.964},
archivePrefix = {arXiv},
       eprint = {astro-ph/9504025},
 primaryClass = {astro-ph},
       adsurl = {https://ui.adsabs.harvard.edu/\#abs/1995MNRAS.274..964P},
      adsnote = {Provided by the SAO/NASA Astrophysics Data System}
}

@ARTICLE{2006MNRAS.370.1817S,
       author = {{Stancliffe}, Richard J.},
        title = "{Does simultaneous solution matter for stellar evolution codes?}",
      journal = {\mnras},
     keywords = {methods: numerical: stars: AGB and post-AGB: stars: evolution, methods: numerical, stars: AGB and post-AGB, stars: evolution, Astrophysics},
         year = "2006",
        month = "Aug",
       volume = {370},
        pages = {1817-1822},
          doi = {10.1111/j.1365-2966.2006.10595.x},
archivePrefix = {arXiv},
       eprint = {astro-ph/0605583},
 primaryClass = {astro-ph},
       adsurl = {https://ui.adsabs.harvard.edu/\#abs/2006MNRAS.370.1817S},
      adsnote = {Provided by the SAO/NASA Astrophysics Data System}
}

@ARTICLE{2009MNRAS.396.1699S,
       author = {{Stancliffe}, Richard J. and {Eldridge}, John J.},
        title = "{Modelling the binary progenitor of Supernova 1993J}",
      journal = {\mnras},
     keywords = {binaries: general, stars: evolution, supernovae: individual: 1993J, Astrophysics - Solar and Stellar Astrophysics},
         year = "2009",
        month = "Jul",
       volume = {396},
        pages = {1699-1708},
          doi = {10.1111/j.1365-2966.2009.14849.x},
archivePrefix = {arXiv},
       eprint = {0904.0282},
 primaryClass = {astro-ph.SR},
       adsurl = {https://ui.adsabs.harvard.edu/\#abs/2009MNRAS.396.1699S},
      adsnote = {Provided by the SAO/NASA Astrophysics Data System}
}

@article{2012IJA.11.243L,
  author = {LÃ©pine-Szily, Alinka and Descouvemont, Pierre},
  year = {2012},
  month = {10},
  pages = {243-250},
  title = {Nuclear astrophysics: Nucleosynthesis in the Universe},
  volume = {11},
  journal = {International Journal of Astrobiology},
  doi = {10.1017/S1473550412000158}
}

@ARTICLE{2009A&A...497..243D,
       author = {{de Mink}, S.~E. and {Cantiello}, M. and {Langer}, N. and {Pols}, O.~R. and
         {Brott}, I. and {Yoon}, S. -Ch.},
        title = "{Rotational mixing in massive binaries. Detached short-period systems}",
      journal = {\aap},
     keywords = {binaries: close, stars: rotation, stars: abundances, Magellanic Clouds, stars: Wolf-Rayet, X-rays: binaries, Astrophysics - Solar and Stellar Astrophysics},
         year = "2009",
        month = "Apr",
       volume = {497},
        pages = {243-253},
          doi = {10.1051/0004-6361/200811439},
archivePrefix = {arXiv},
       eprint = {0902.1751},
 primaryClass = {astro-ph.SR},
       adsurl = {https://ui.adsabs.harvard.edu/\#abs/2009A&A...497..243D},
      adsnote = {Provided by the SAO/NASA Astrophysics Data System}
}

@ARTICLE{2009CoAst.158...94D,
       author = {{de Mink}, S.~E. and {Cantiello}, M. and {Langer}, N. and {Pols}, O.~R.},
        title = "{Rotational mixing in tidally locked massive main sequence binaries}",
      journal = {Communications in Asteroseismology},
     keywords = {Astrophysics},
         year = "2009",
        month = "Jul",
       volume = {158},
        pages = {94},
archivePrefix = {arXiv},
       eprint = {0811.3981},
 primaryClass = {astro-ph},
       adsurl = {https://ui.adsabs.harvard.edu/\#abs/2009CoAst.158...94D},
      adsnote = {Provided by the SAO/NASA Astrophysics Data System}
}

@ARTICLE{2009A&A...507L...1D,
       author = {{de Mink}, S.~E. and {Pols}, O.~R. and {Langer}, N. and {Izzard}, R.~G.},
        title = "{Massive binaries as the source of abundance anomalies in globular clusters}",
      journal = {\aap},
     keywords = {stars: abundances, stars: binaries: close, Galaxy: globular clusters: general, ISM: general, Astrophysics - Solar and Stellar Astrophysics, Astrophysics - Astrophysics of Galaxies},
         year = "2009",
        month = "Nov",
       volume = {507},
        pages = {L1-L4},
          doi = {10.1051/0004-6361/200913205},
archivePrefix = {arXiv},
       eprint = {0910.1086},
 primaryClass = {astro-ph.SR},
       adsurl = {https://ui.adsabs.harvard.edu/\#abs/2009A&A...507L...1D},
      adsnote = {Provided by the SAO/NASA Astrophysics Data System}
}

@ARTICLE{1978ApJ...224L.139A,
       author = {{Arnett}, W.~D. and {Wefel}, J.~P.},
        title = "{Aluminum-26 production from a stellar evolutionary sequence.}",
      journal = {\apj},
     keywords = {Abundance, Aluminum 26, Nuclear Fusion, Stellar Evolution, Stellar Models, Supernovae, Carbon, Meteoritic Composition, Neutron Stars, Shock Waves, Solar System, Thermal Instability, Astrophysics, Isotopic Composition:Meteorites, Nucleosynthesis:Stellar Evolution},
         year = "1978",
        month = "Sep",
       volume = {224},
        pages = {L139-L142},
          doi = {10.1086/182778},
       adsurl = {https://ui.adsabs.harvard.edu/\#abs/1978ApJ...224L.139A},
      adsnote = {Provided by the SAO/NASA Astrophysics Data System}
}

@ARTICLE{2011ApJS..193...16I,
       author = {{Iliadis}, Christian and {Champagne}, Art and {Chieffi}, Alessandro and {Limongi}, Marco},
        title = "{The Effects of Thermonuclear Reaction Rate Variations on $^{26}$Al Production in Massive Stars: A Sensitivity Study}",
      journal = {The Astrophysical Journal Supplement Series},
     keywords = {gamma rays: stars, nuclear reactions, nucleosynthesis, abundances, stars: evolution, supernovae: general, Astrophysics - Solar and Stellar Astrophysics},
         year = "2011",
        month = "Mar",
       volume = {193},
          eid = {16},
        pages = {16},
          doi = {10.1088/0067-0049/193/1/16},
archivePrefix = {arXiv},
       eprint = {1101.5553},
 primaryClass = {astro-ph.SR},
       adsurl = {https://ui.adsabs.harvard.edu/\#abs/2011ApJS..193...16I},
      adsnote = {Provided by the SAO/NASA Astrophysics Data System}
}

@ARTICLE{2013ApJ...762...31P,
       author = {{Pignatari}, M. and {Hirschi}, R. and {Wiescher}, M. and {Gallino}, R. and {Bennett}, M. and {Beard}, M. and {Fryer}, C. and {Herwig}, F. and {Rockefeller}, G. and {Timmes}, F.~X.},
        title = "{The $^{12}$C + $^{12}$C Reaction and the Impact on Nucleosynthesis in Massive Stars}",
      journal = {\apj},
     keywords = {stars: abundances, stars: evolution, stars: interiors, Astrophysics - Solar and Stellar Astrophysics},
         year = "2013",
        month = "Jan",
       volume = {762},
          eid = {31},
        pages = {31},
          doi = {10.1088/0004-637X/762/1/31},
archivePrefix = {arXiv},
       eprint = {1212.3962},
 primaryClass = {astro-ph.SR},
       adsurl = {https://ui.adsabs.harvard.edu/\#abs/2013ApJ...762...31P},
      adsnote = {Provided by the SAO/NASA Astrophysics Data System}
}

@ARTICLE{2006ApJ...647..483L,
       author = {{Limongi}, Marco and {Chieffi}, Alessandro},
        title = "{The Nucleosynthesis of $^{26}$Al and $^{60}$Fe in Solar Metallicity Stars Extending in Mass from 11 to 120 M$_{solar}$: The Hydrostatic and Explosive Contributions}",
      journal = {\apj},
     keywords = {Gamma Rays: Theory, Nuclear Reactions, Nucleosynthesis, Abundances, Stars: Evolution, Stars: Supernovae: General, Astrophysics},
         year = "2006",
        month = "Aug",
       volume = {647},
        pages = {483-500},
          doi = {10.1086/505164},
archivePrefix = {arXiv},
       eprint = {astro-ph/0604297},
 primaryClass = {astro-ph},
       adsurl = {https://ui.adsabs.harvard.edu/\#abs/2006ApJ...647..483L},
      adsnote = {Provided by the SAO/NASA Astrophysics Data System}
}

@article{doi:10.1146/annurev-astro-082812-140956,
author = {Nomoto, Ken'ichi and Kobayashi, Chiaki and Tominaga, Nozomu},
title = {Nucleosynthesis in Stars and the Chemical Enrichment of Galaxies},
journal = {Annual Review of Astronomy and Astrophysics},
volume = {51},
number = {1},
pages = {457-509},
year = {2013},
doi = {10.1146/annurev-astro-082812-140956},
URL = {https://doi.org/10.1146/annurev-astro-082812-140956},
eprint = {https://doi.org/10.1146/annurev-astro-082812-140956},
    abstract = {After the Big Bang, production of heavy elements in the early Universe takes place starting from the formation of the first stars, their evolution, and explosion. The first supernova explosions have strong dynamical, thermal, and chemical feedback on the formation of subsequent stars and evolution of galaxies. However, the nature of the Universe's first stars and supernova explosions has not been well clarified. The signature of the nucleosynthesis yields of the first stars can be seen in the elemental abundance patterns observed in extremely metal-poor stars. Interestingly, those patterns show some peculiarities relative to the solar abundance pattern, which should provide important clues to understanding the nature of early generations of stars. We thus review the recent results of the nucleosynthesis yields of mainly massive stars for a wide range of stellar masses, metallicities, and explosion energies. We also provide yields tables and examine how those yields are affected by some hydrodynamical effects during supernova explosions, namely, explosion energies from those of hypernovae to faint supernovae, mixing and fallback of processed materials, asphericity, etc. Those parameters in the supernova nucleosynthesis models are constrained from observational data of supernovae and metal-poor stars. Nucleosynthesis yields are then applied to the chemical evolution model of our Galaxy and other types of galaxies to discuss how the chemical enrichment process occurred during evolution. }
}

@article{doi:10.1146/annurev-astro-081811-125534,
author = {Langer, N.},
title = {Presupernova Evolution of Massive Single and Binary Stars},
journal = {Annual Review of Astronomy and Astrophysics},
volume = {50},
number = {1},
pages = {107-164},
year = {2012},
doi = {10.1146/annurev-astro-081811-125534},
URL = {https://doi.org/10.1146/annurev-astro-081811-125534},
eprint = {https://doi.org/10.1146/annurev-astro-081811-125534},
    abstract = { Understanding massive stars is essential for a variety of branches of astronomy including galaxy and star cluster evolution, nucleosynthesis and supernovae, pulsars, and black holes. It has become evident that massive star evolution is very diverse, being sensitive to metallicity, binarity, rotation, and possibly magnetic fields. Although the problem to obtain a good statistical observational database is alleviated by current large spectroscopic surveys, it remains a challenge to model these diverse paths of massive stars toward their violent end stage. I show that the main sequence stage offers the best opportunity to gauge the relevance of the various possible evolutionary scenarios. This also allows sketching the post-main-sequence evolution of massive stars, for which observations of Wolf-Rayet stars give essential clues. Recent supernova discoveries owing to the current boost in transient searches allow tentative mappings of progenitor models with supernova types, including pair-instability supernovae and gamma-ray bursts. }
}

@INPROCEEDINGS{1999IAUS..191..447T,
       author = {{Tout}, C.~A. and {Karakas}, A.~I. and {Lattanzio}, J.~C. and {Hurley}, J.~R. and {Pols}, O.~R.},
        title = "{How Binary Stars affect Galactic Chemical Evolution}",
    booktitle = {Asymptotic Giant Branch Stars},
         year = "1999",
       editor = {{Le Bertre}, T. and {Lebre}, A. and {Waelkens}, C.},
       series = {IAU Symposium},
       volume = {191},
        month = "Jan",
        pages = {447},
       adsurl = {https://ui.adsabs.harvard.edu/\#abs/1999IAUS..191..447T},
      adsnote = {Provided by the SAO/NASA Astrophysics Data System}
}

@ARTICLE{1989A&A...220..112Z,
       author = {{Zahn}, J. -P.},
        title = "{Tidal evolution of close binary stars. I - Revisiting the theory of the equilibrium tide}",
      journal = {\aap},
     keywords = {Binary Stars, Stellar Evolution, Tides, Turbulence Effects, Mixing Length Flow Theory, Stellar Envelopes, Viscosity, Astrophysics},
         year = "1989",
        month = "Aug",
       volume = {220},
        pages = {112-116},
       adsurl = {https://ui.adsabs.harvard.edu/\#abs/1989A&A...220..112Z},
      adsnote = {Provided by the SAO/NASA Astrophysics Data System}
}

@ARTICLE{1977A&A....57..383Z,
       author = {{Zahn}, J. -P.},
        title = "{Reprint of 1977A\&A....57..383Z. Tidal friction in close binary stars.}",
      journal = {\aap},
     keywords = {Binary Stars, Friction Drag, Gravitational Effects, Stellar Rotation, Tides, Angular Momentum, Perturbation Theory, Stellar Structure, X Ray Binaries, X Ray Stars, Astrophysics},
         year = "1977",
        month = "May",
       volume = {500},
        pages = {121-132},
       adsurl = {https://ui.adsabs.harvard.edu/\#abs/1977A&A....57..383Z},
      adsnote = {Provided by the SAO/NASA Astrophysics Data System}
}

@ARTICLE{2018A&A...620A..63A,
       author = {{Abate}, Carlo and {Pols}, Onno R. and {Stancliffe}, Richard J.},
        title = "{Understanding the orbital periods of CEMP-s stars}",
      journal = {\aap},
     keywords = {stars: chemically peculiar, stars: Population II, Galaxy: halo, binaries: general, stars: winds, outflows, stars: kinematics and dynamics, Astrophysics - Solar and Stellar Astrophysics},
         year = "2018",
        month = "Nov",
       volume = {620},
          eid = {A63},
        pages = {A63},
          doi = {10.1051/0004-6361/201833780},
archivePrefix = {arXiv},
       eprint = {1809.10157},
 primaryClass = {astro-ph.SR},
       adsurl = {https://ui.adsabs.harvard.edu/\#abs/2018A&A...620A..63A},
      adsnote = {Provided by the SAO/NASA Astrophysics Data System}
}

@ARTICLE{2002MNRAS.329..897H,
       author = {{Hurley}, Jarrod R. and {Tout}, Christopher A. and {Pols}, Onno R.},
        title = "{Evolution of binary stars and the effect of tides on binary populations}",
      journal = {\mnras},
     keywords = {METHODS: ANALYTICAL, METHODS: STATISTICAL, BINARIES: GENERAL, STARS: EVOLUTION, STARS: VARIABLES: OTHER, GALAXIES: STELLAR CONTENT, Astrophysics},
         year = 2002,
        month = feb,
       volume = {329},
       number = {4},
        pages = {897-928},
          doi = {10.1046/j.1365-8711.2002.05038.x},
archivePrefix = {arXiv},
       eprint = {astro-ph/0201220},
 primaryClass = {astro-ph},
       adsurl = {https://ui.adsabs.harvard.edu/abs/2002MNRAS.329..897H},
      adsnote = {Provided by the SAO/NASA Astrophysics Data System}
}

@ARTICLE{2015A&A...584A..11L,
       author = {{Liu}, Zheng-Wei and {Tauris}, T.~M. and {R{\"o}pke}, F.~K. and
         {Moriya}, T.~J. and {Kruckow}, M. and {Stancliffe}, R.~J. and
         {Izzard}, R.~G.},
        title = "{The interaction of core-collapse supernova ejecta with a companion star}",
      journal = {\aap},
     keywords = {supernovae: general, stars: kinematics and dynamics, binaries: close, Astrophysics - Solar and Stellar Astrophysics, Astrophysics - High Energy Astrophysical Phenomena},
         year = 2015,
        month = dec,
       volume = {584},
          eid = {A11},
        pages = {A11},
          doi = {10.1051/0004-6361/201526757},
archivePrefix = {arXiv},
       eprint = {1509.03633},
 primaryClass = {astro-ph.SR},
       adsurl = {https://ui.adsabs.harvard.edu/abs/2015A&A...584A..11L},
      adsnote = {Provided by the SAO/NASA Astrophysics Data System}
}

@ARTICLE{2019ApJ...884...38B,
       author = {{Brinkman}, H.~E. and {Doherty}, C.~L. and {Pols}, O.~R. and
         {Li}, E.~T. and {C{\^o}t{\'e}}, B. and {Lugaro}, M.},
        title = "{Aluminium-26 from Massive Binary Stars. I. Nonrotating Models}",
      journal = {\apj},
     keywords = {binaries: general, methods: numerical, stars: evolution, stars: mass-loss, stars: winds, outflows, Astrophysics - Solar and Stellar Astrophysics},
         year = 2019,
        month = oct,
       volume = {884},
       number = {1},
          eid = {38},
        pages = {38},
          doi = {10.3847/1538-4357/ab40ae},
archivePrefix = {arXiv},
       eprint = {1909.04433},
 primaryClass = {astro-ph.SR},
       adsurl = {https://ui.adsabs.harvard.edu/abs/2019ApJ...884...38B},
      adsnote = {Provided by the SAO/NASA Astrophysics Data System}
}

@ARTICLE{2012Sci...337..444S,
       author = {{Sana}, H. and {de Mink}, S.~E. and {de Koter}, A. and {Langer}, N. and
         {Evans}, C.~J. and {Gieles}, M. and {Gosset}, E. and {Izzard}, R.~G. and
         {Le Bouquin}, J. -B. and {Schneider}, F.~R.~N.},
        title = "{Binary Interaction Dominates the Evolution of Massive Stars}",
      journal = {Science},
     keywords = {ASTRONOMY, Astrophysics - Solar and Stellar Astrophysics, Astrophysics - Cosmology and Extragalactic Astrophysics},
         year = 2012,
        month = jul,
       volume = {337},
       number = {6093},
        pages = {444},
          doi = {10.1126/science.1223344},
archivePrefix = {arXiv},
       eprint = {1207.6397},
 primaryClass = {astro-ph.SR},
       adsurl = {https://ui.adsabs.harvard.edu/abs/2012Sci...337..444S},
      adsnote = {Provided by the SAO/NASA Astrophysics Data System}
}

@ARTICLE{2007MNRAS.376...61D,
       author = {{Dray}, Lynnette M. and {Tout}, Christopher A.},
        title = "{On rejuvenation in massive binary systems}",
      journal = {\mnras},
     keywords = {stars: abundances, stars: early-type, Astrophysics},
         year = 2007,
        month = mar,
       volume = {376},
       number = {1},
        pages = {61-70},
          doi = {10.1111/j.1365-2966.2007.11431.x},
archivePrefix = {arXiv},
       eprint = {astro-ph/0612539},
 primaryClass = {astro-ph},
       adsurl = {https://ui.adsabs.harvard.edu/abs/2007MNRAS.376...61D},
      adsnote = {Provided by the SAO/NASA Astrophysics Data System}
}

@ARTICLE{2015A&A...575A.117S,
       author = {{Stancliffe}, R.~J. and {Fossati}, L. and {Passy}, J. -C. and
         {Schneider}, F.~R.~N.},
        title = "{Confronting uncertainties in stellar physics: calibrating convective overshooting with eclipsing binaries}",
      journal = {\aap},
     keywords = {stars: evolution, binaries: eclipsing, stars: interiors, stars: low-mass, Astrophysics - Solar and Stellar Astrophysics},
         year = 2015,
        month = mar,
       volume = {575},
          eid = {A117},
        pages = {A117},
          doi = {10.1051/0004-6361/201425126},
archivePrefix = {arXiv},
       eprint = {1501.05322},
 primaryClass = {astro-ph.SR},
       adsurl = {https://ui.adsabs.harvard.edu/abs/2015A&A...575A.117S},
      adsnote = {Provided by the SAO/NASA Astrophysics Data System}
}

@ARTICLE{1972MNRAS.156..361E,
       author = {{Eggleton}, Peter P.},
        title = "{Composition changes during stellar evolution}",
      journal = {\mnras},
         year = 1972,
        month = jan,
       volume = {156},
        pages = {361},
          doi = {10.1093/mnras/156.3.361},
       adsurl = {https://ui.adsabs.harvard.edu/abs/1972MNRAS.156..361E},
      adsnote = {Provided by the SAO/NASA Astrophysics Data System}
}

@ARTICLE{1991A&AS...89..451M,
       author = {{Maeder}, A. and {Meynet}, G.},
        title = "{Tables of isochrones computed from stellar models with mass loss and overshooting.}",
      journal = {\aaps},
     keywords = {Main Sequence Stars, Star Clusters, Stellar Mass Ejection, Stellar Models, Wolf-Rayet Stars, Abundance, Hertzsprung-Russell Diagram, Stellar Evolution, Astrophysics},
         year = 1991,
        month = sep,
       volume = {89},
        pages = {451},
       adsurl = {https://ui.adsabs.harvard.edu/abs/1991A&AS...89..451M},
      adsnote = {Provided by the SAO/NASA Astrophysics Data System}
}

@INPROCEEDINGS{2019EAS....82..137M,
       author = {{Maeder}, A. and {Meynet}, G.},
        title = "{The impact of Jean-Paul Zahn discoveries on rotation and evolution}",
    booktitle = {EAS Publications Series},
         year = 2019,
       series = {EAS Publications Series},
       volume = {82},
        month = jun,
        pages = {137-151},
          doi = {10.1051/eas/1982014},
       adsurl = {https://ui.adsabs.harvard.edu/abs/2019EAS....82..137M},
      adsnote = {Provided by the SAO/NASA Astrophysics Data System}
}

@ARTICLE{Eldridge2006,
       author = {{Eldridge}, J.~J. and {Vink}, J.~S.},
        title = "{Implications of the metallicity dependence of Wolf-Rayet winds}",
      journal = {\aap},
     keywords = {stars: evolution, stars: Wolf-Rayet, stars: mass-loss, stars: early-type, stars: winds, outflows, Astrophysics},
         year = 2006,
        month = jun,
       volume = {452},
       number = {1},
        pages = {295-301},
          doi = {10.1051/0004-6361:20065001},
archivePrefix = {arXiv},
       eprint = {astro-ph/0603188},
 primaryClass = {astro-ph},
       adsurl = {https://ui.adsabs.harvard.edu/abs/2006A&A...452..295E},
      adsnote = {Provided by the SAO/NASA Astrophysics Data System}
}

@ARTICLE{MassLossRates1,
       author = {{Vink}, Jorick S. and {de Koter}, A. and {Lamers}, H.~J.~G.~L.~M.},
        title = "{Mass-loss predictions for O and B stars as a function of metallicity}",
      journal = {\aap},
     keywords = {STARS: EARLY-TYPE, STARS: MASS-LOSS, STARS: SUPERGIANTS, STARS: WINDS, STARS: EVOLUTION, Astrophysics},
         year = 2001,
        month = apr,
       volume = {369},
        pages = {574-588},
          doi = {10.1051/0004-6361:20010127},
archivePrefix = {arXiv},
       eprint = {astro-ph/0101509},
 primaryClass = {astro-ph},
       adsurl = {https://ui.adsabs.harvard.edu/abs/2001A&A...369..574V},
      adsnote = {Provided by the SAO/NASA Astrophysics Data System}
}

@ARTICLE{MassLossRates2,
       author = {{de Jager}, C. and {Nieuwenhuijzen}, H. and {van der Hucht}, K.~A.},
        title = "{Mass loss rates in the Hertzsprung-Russell diagram.}",
      journal = {\aaps},
     keywords = {Hertzsprung-Russell Diagram, O Stars, Planetary Nebulae, Stellar Luminosity, Stellar Mass Ejection, Wolf-Rayet Stars, B Stars, Carbon Stars, Computational Astrophysics, High Temperature, Hot Stars, Stellar Mass, Astrophysics},
         year = 1988,
        month = feb,
       volume = {72},
        pages = {259-289},
       adsurl = {https://ui.adsabs.harvard.edu/abs/1988A&AS...72..259D},
      adsnote = {Provided by the SAO/NASA Astrophysics Data System}
}

@ARTICLE{MassLossRates3,
       author = {{Nugis}, T. and {Lamers}, H.~J.~G.~L.~M.},
        title = "{Mass-loss rates of Wolf-Rayet stars as a function of stellar parameters}",
      journal = {\aap},
     keywords = {STARS: ATMOSPHERES, STARS: MASS-LOSS, STARS: EMISSION-LINE, BE, STARS: EVOLUTION, STARS: WOLF-RAYET},
         year = 2000,
        month = aug,
       volume = {360},
        pages = {227-244},
       adsurl = {https://ui.adsabs.harvard.edu/abs/2000A&A...360..227N},
      adsnote = {Provided by the SAO/NASA Astrophysics Data System}
}

@ARTICLE{1983ApJ...268..368E,
       author = {{Eggleton}, P.~P.},
        title = "{Aproximations to the radii of Roche lobes.}",
      journal = {\apj},
     keywords = {Binary Stars, Celestial Mechanics, Orbital Elements, Roche Limit, Mass Ratios, Radii, Astrophysics},
         year = 1983,
        month = may,
       volume = {268},
        pages = {368-369},
          doi = {10.1086/160960},
       adsurl = {https://ui.adsabs.harvard.edu/abs/1983ApJ...268..368E},
      adsnote = {Provided by the SAO/NASA Astrophysics Data System}
}

@INPROCEEDINGS{2004ESASP.552...27D,
       author = {{Diehl}, R. and {Kretschmer}, K. and {Lichti}, G. and
         {Sch{\"o}nfelder}, V. and {Strong}, A.~W. and {von Kienlin}, A. and
         {Kn{\"o}dlseder}, J. and {Jean}, P. and {Lonjou}, V. and
         {Weidenspointner}, G. and {Roques}, J. -P. and {Vedrenne}, G. and
         {Schanne}, S. and {Mowlavi}, N. and {Winkler}, C. and {Wunderer}, C.},
        title = "{Al Studies with INTEGRAL's Spectrometer SPI}",
     keywords = {Astrophysics},
    booktitle = {5th INTEGRAL Workshop on the INTEGRAL Universe},
         year = 2004,
       editor = {{Schoenfelder}, V. and {Lichti}, G. and {Winkler}, C.},
       series = {ESA Special Publication},
       volume = {552},
        month = oct,
        pages = {27},
archivePrefix = {arXiv},
       eprint = {astro-ph/0405192},
 primaryClass = {astro-ph},
       adsurl = {https://ui.adsabs.harvard.edu/abs/2004ESASP.552...27D},
      adsnote = {Provided by the SAO/NASA Astrophysics Data System}
}

